<?xml version="1.0" encoding="utf-8"?>
<record xmlns="http://www.loc.gov/MARC21/slim" xmlns:xsi="http://www.w3.org/2001/XMLSchema-instance" xsi:schemaLocation="http://www.loc.gov/MARC21/slim http://www.loc.gov/standards/marcxml/schema/MARC21slim.xsd">
	<leader>     nam a22        4500</leader>
	<controlfield tag="001">1684402</controlfield>
	<controlfield tag="003">NIC</controlfield>
	<controlfield tag="006">m        d        </controlfield>
	<controlfield tag="007">cr cn |||m|||a</controlfield>
	<controlfield tag="008">150505s1951    ua a    ob    000 0 arar </controlfield>
	<datafield ind1=" " ind2=" " tag="040">
		<subfield code="a">NNU</subfield>
		<subfield code="b">eng</subfield>
		<subfield code="e">rda</subfield>
		<subfield code="c">NNU</subfield>
	</datafield>
	<datafield ind1=" " ind2=" " tag="043">
		<subfield code="a">ma-----</subfield>
		<subfield code="a">f-ua---</subfield>
	</datafield>
	<datafield ind1="0" ind2="0" tag="050">
		<subfield code="a">PJ7541</subfield>
		<subfield code="b">.H348 1951</subfield>
	</datafield>
	<datafield ind1="1" ind2=" " tag="100">
		<subfield code="6">880-01</subfield>
		<subfield code="a">Ḥasan, ʻAbbās.</subfield>
	</datafield>
	<datafield ind1="1" ind2="3" tag="245">
		<subfield code="6">880-02</subfield>
		<subfield code="a">al-Mutanabbī wa-Shawqī :</subfield>
		<subfield code="b">dirāsah wa-naqd wa-muwāzanah /</subfield>
		<subfield code="c">taʼlīf ʻAbbās Ḥasan.</subfield>
	</datafield>
	<datafield ind1=" " ind2=" " tag="250">
		<subfield code="6">880-03</subfield>
		<subfield code="a">al-Ṭabʻah 1.</subfield>
	</datafield>
	<datafield ind1=" " ind2=" " tag="260">
		<subfield code="6">880-04</subfield>
		<subfield code="a">[al-Qāhirah] Miṣr :</subfield>
		<subfield code="b">Sharikat Maktabat wa-Maṭbaʻat Muṣṭafá al-Bābī al-Ḥalabī wa Awlādih,</subfield>
		<subfield code="c">1951.</subfield>
	</datafield>
	<datafield ind1=" " ind2=" " tag="300">
		<subfield code="a">online resource (434 pages) :</subfield>
		<subfield code="b">illustrations</subfield>
	</datafield>
	<datafield ind1=" " ind2=" " tag="336">
		<subfield code="a">text</subfield>
		<subfield code="2">rdacontent</subfield>
	</datafield>
	<datafield ind1=" " ind2=" " tag="337">
		<subfield code="a">computer</subfield>
		<subfield code="2">rdamedia</subfield>
	</datafield>
	<datafield ind1=" " ind2=" " tag="338">
		<subfield code="a">online resource</subfield>
		<subfield code="2">rdacarrier</subfield>
	</datafield>
	<datafield ind1=" " ind2=" " tag="500">
		<subfield code="a">Part of the Arabic Collections Online (ACO) project, contributed by Cornell University Libraries.</subfield>
	</datafield>
	<datafield ind1=" " ind2=" " tag="504">
		<subfield code="a">Includes bibliographical references.</subfield>
	</datafield>
	<datafield ind1=" " ind2=" " tag="533">
		<subfield code="a">Electronic reproduction.</subfield>
		<subfield code="b">New York, N.Y. :</subfield>
		<subfield code="c">New York University,</subfield>
		<subfield code="d">2015.</subfield>
		<subfield code="5">NNU</subfield>
	</datafield>
	<datafield ind1=" " ind2="0" tag="650">
		<subfield code="a">Arabic poetry</subfield>
		<subfield code="x">History and criticism.</subfield>
	</datafield>
	<datafield ind1="1" ind2="0" tag="600">
		<subfield code="6">880-05</subfield>
		<subfield code="a">Mutanabbī, Abū al-Ṭayyib Aḥmad ibn al-Ḥusayn,</subfield>
		<subfield code="d">915 or 916-965</subfield>
		<subfield code="x">Criticism and interpretation.</subfield>
	</datafield>
	<datafield ind1="1" ind2="0" tag="600">
		<subfield code="6">880-06</subfield>
		<subfield code="a">Shawqī, Aḥmad,</subfield>
		<subfield code="d">1868-1932</subfield>
		<subfield code="x">Criticism and interpretation.</subfield>
	</datafield>
	<datafield ind1="1" ind2="7" tag="600">
		<subfield code="a">Mutanabbī, Abū al-Ṭayyib Aḥmad ibn al-Ḥusayn,</subfield>
		<subfield code="d">915 or 916-965</subfield>
		<subfield code="2">fast</subfield>
		<subfield code="0">(OCoLC)fst01836609</subfield>
	</datafield>
	<datafield ind1="1" ind2="7" tag="600">
		<subfield code="a">Shawqī, Aḥmad,</subfield>
		<subfield code="d">1868-1932</subfield>
		<subfield code="2">fast</subfield>
		<subfield code="0">(OCoLC)fst00101111</subfield>
	</datafield>
	<datafield ind1=" " ind2="7" tag="650">
		<subfield code="a">Arabic poetry.</subfield>
		<subfield code="2">fast</subfield>
		<subfield code="0">(OCoLC)fst00812533</subfield>
	</datafield>
	<datafield ind1=" " ind2="7" tag="655">
		<subfield code="a">Criticism, interpretation, etc.</subfield>
		<subfield code="2">fast</subfield>
		<subfield code="0">(OCoLC)fst01411635</subfield>
	</datafield>
	<datafield ind1="2" ind2=" " tag="710">
		<subfield code="a">Cornell University.</subfield>
		<subfield code="b">Libraries.</subfield>
	</datafield>
	<datafield ind1="0" ind2=" " tag="730">
		<subfield code="a">Arabic Collections Online.</subfield>
	</datafield>
	<datafield ind1="0" ind2="8" tag="776">
		<subfield code="i">Print version:</subfield>
		<subfield code="a">Ḥasan, ʻAbbās.</subfield>
		<subfield code="t">al-Mutanabbī wa-Shawqī</subfield>
		<subfield code="w">(NIC)1684402</subfield>
		<subfield code="w">(DLC)   89960887 </subfield>
		<subfield code="w">(OCoLC)24215231</subfield>
	</datafield>
	<datafield ind1="4" ind2="0" tag="856">
		<subfield code="u">http://hdl.handle.net/2333.1/v6wwq1rp</subfield>
	</datafield>
	<datafield ind1="1" ind2=" " tag="880">
		<subfield code="6">100-01/r</subfield>
		<subfield code="a">حسن، عباس.</subfield>
	</datafield>
	<datafield ind1="1" ind2="2" tag="880">
		<subfield code="6">245-02/r</subfield>
		<subfield code="a">المتنبي وشوقي :</subfield>
		<subfield code="b">دراسة ونقد وموازنة /</subfield>
		<subfield code="c">تأليف عباس حسن.</subfield>
	</datafield>
	<datafield ind1=" " ind2=" " tag="880">
		<subfield code="6">250-03/r</subfield>
		<subfield code="a">الطبعة 1.</subfield>
	</datafield>
	<datafield ind1=" " ind2=" " tag="880">
		<subfield code="6">260-04/r</subfield>
		<subfield code="a">[القاهرة] مصر :</subfield>
		<subfield code="b">شركة مكتبة ومطبعة مصطفى البابي الحلبي و اولاده،</subfield>
		<subfield code="c">1951.</subfield>
	</datafield>
	<datafield ind1="1" ind2="4" tag="880">
		<subfield code="6">600-05/r</subfield>
		<subfield code="a">متنبي، ابو الطيب احمد بن الحسين،</subfield>
		<subfield code="d">915 or 916-965</subfield>
		<subfield code="x">Criticism and interpretation.</subfield>
	</datafield>
	<datafield ind1="1" ind2="4" tag="880">
		<subfield code="6">600-06/r</subfield>
		<subfield code="a">شوقي، احمد،</subfield>
		<subfield code="d">1868-1932</subfield>
		<subfield code="x">Criticism and interpretation.</subfield>
	</datafield>
	<datafield ind1=" " ind2=" " tag="959">
		<subfield code="a">NNU</subfield>
		<subfield code="b">WEB</subfield>
		<subfield code="c">GENI</subfield>
		<subfield code="t">0</subfield>
		<subfield code="m">Electronic access</subfield>
		<subfield code="s">01</subfield>
	</datafield>
	<datafield ind1=" " ind2=" " tag="999">
		<subfield code="i">NIC_1684402</subfield>
		<subfield code="o">(OCoLC)ocm24215231</subfield>
		<subfield code="e">ok</subfield>
		<subfield code="s">cornell_aco000027</subfield>
	</datafield>
</record>
